<?xml version="1.0" encoding="UTF-8"?><collection xmlns="http://www.loc.gov/MARC21/slim"><record><leader>00346nam--2200121-i-4500</leader><controlfield tag="001">000040969</controlfield><controlfield tag="002">20161230</controlfield><controlfield tag="005">20161230201042</controlfield><controlfield tag="008">060222s1000------------r-----000-0-eng-d</controlfield><datafield ind1=" " ind2=" " tag="245"><subfield code="a">Selected infrared spectral data</subfield></datafield><datafield ind1=" " ind2=" " tag="260"><subfield code="a">College Station, Texas, Texas A&amp;m University, 1965</subfield></datafield><datafield ind1=" " ind2=" " tag="490"><subfield code="a">American Petrolium Inst.Research Project 44</subfield></datafield><datafield ind1=" " ind2=" " tag="852"><subfield code="a">24213</subfield></datafield></record></collection>